<record><leader>00000cas a22000007a 4500</leader><controlfield tag="001">31885479</controlfield><controlfield tag="008">950125d195119uuncuwr ne      0    0eng d</controlfield><datafield ind1=" " ind2=" " tag="010"><subfield code="a">sn 95072293 </subfield></datafield><datafield ind1=" " ind2=" " tag="040"><subfield code="a">NVJ</subfield><subfield code="b">eng</subfield><subfield code="c">NVJ</subfield><subfield code="d">OCLCQ</subfield></datafield><datafield ind1=" " ind2=" " tag="042"><subfield code="a">msc</subfield></datafield><datafield ind1="0" ind2=" " tag="130"><subfield code="a">Clay County progress (Hayesville, N.C. : 1951)</subfield></datafield><datafield ind1="1" ind2="0" tag="245"><subfield code="a">Clay County progress.</subfield></datafield><datafield ind1=" " ind2=" " tag="260"><subfield code="a">Hayesville, Clay Co., N.C. :</subfield><subfield code="b">J.K. Hutchings</subfield></datafield><datafield ind1=" " ind2=" " tag="300"><subfield code="a">v.</subfield></datafield><datafield ind1=" " ind2=" " tag="310"><subfield code="a">Weekly</subfield></datafield><datafield ind1="1" ind2=" " tag="362"><subfield code="a">Began in Nov. 1951.</subfield></datafield><datafield ind1=" " ind2=" " tag="515"><subfield code="a">Nov. 16, 1951 issue is incorrectly numbered v. 1, no. 3.</subfield></datafield><datafield ind1=" " ind2=" " tag="588"><subfield code="a">Description based on: Vol. 1, no. 2 (Nov. 16, 1951).</subfield></datafield><datafield ind1=" " ind2=" " tag="752"><subfield code="a">United States</subfield><subfield code="b">North Carolina</subfield><subfield code="c">Clay</subfield><subfield code="d">Hayesville.</subfield></datafield><datafield ind1="0" ind2="7" tag="785"><subfield code="t">Cherokee scout</subfield><subfield code="w">(DLC)sn 83004710</subfield></datafield><datafield ind1="0" ind2="7" tag="785"><subfield code="t">Cherokee scout and Clay County progress</subfield><subfield code="w">(DLC)sn 95072291</subfield></datafield></record>